@book{Gratzer2007,
    author = {Gr\"{a}tzer, George},
    publisher = {Springer},
    title = {{More Math Into LaTeX: A Guide for Documentation and Presentation}},
    year = {2007}
}
@online{Dartsavvy,
    Author = "Adilkhan",
    Title  = "DART BOARD DIMENSIONS AND SIZES",
    note   = {\url{https://dartsavvy.com/dart-board-dimensions-and-sizes}},
    year   = 2020,
}